%% This BibTeX bibliography file was created using BibDesk.



@article{BulterReedsDawsonMethod1981,
 ISSN = {00361429},
 URL = {http://www.jstor.org/stable/2156861},
 author = {J. P. Butler and J. A. Reeds and S. V. Dawson},
 journal = {SIAM Journal on Numerical Analysis},
 number = {3},
 pages = {381--397},
 publisher = {Society for Industrial and Applied Mathematics},
 title = {Estimating Solutions of First Kind Integral Equations with Nonnegative Constraints and Optimal Smoothing},
 volume = {18},
 year = {1981}
}


@article{GruberT2Estimation2013,
title = "A more accurate estimate of {T2} distribution from direct analysis of {NMR} measurements",
journal = "Journal of Magnetic Resonance",
volume = "228",
pages = "95 - 103",
year = "2013",
issn = "1090-7807",
doi = "https://doi.org/10.1016/j.jmr.2012.12.008",
url = "http://www.sciencedirect.com/science/article/pii/S1090780712003916",
author = "Fred K. Gruber and Lalitha Venkataramanan and Tarek M. Habashy and Philip M. Singer and Denise E. Freed",
keywords = "Nuclear magnetic resonance, Inverse problems, Regularization, Moments, Mellin transform"
}



@article{GruberLinearFunctionals2013,
title = "Estimation of petrophysical and fluid properties using integral transforms in nuclear magnetic resonance",
journal = "Journal of Magnetic Resonance",
volume = "228",
pages = "104 - 115",
year = "2013",
issn = "1090-7807",
doi = "https://doi.org/10.1016/j.jmr.2012.12.009",
url = "http://www.sciencedirect.com/science/article/pii/S1090780712003928",
author = "Fred K. Gruber and Lalitha Venkataramanan and Tarek M. Habashy and Denise E. Freed",
keywords = "Integral transform, Analysis of exponentially decaying data, Analysis of NMR data in inhomogeneous fields, Inverse Laplace transform, NMR logging"
}

@ARTICLE{Venk2DFredholm2002,
author={L. Venkataramanan and Yi-Qiao Song and M. D. Hurlimann},
journal={IEEE Transactions on Signal Processing},
title={Solving {F}redholm integrals of the first kind with tensor product structure in 2 and 2.5 dimensions},
year={2002},
volume={50},
number={5},
pages={1017-1026},
doi={10.1109/78.995059},
ISSN={1053-587X},
month={May},}

@article{VenkMellin2010,
title = "Mellin transform of {CPMG} data",
journal = "Journal of Magnetic Resonance",
volume = "206",
number = "1",
pages = "20 - 31",
year = "2010",
issn = "1090-7807",
doi = "https://doi.org/10.1016/j.jmr.2010.05.015",
url = "http://www.sciencedirect.com/science/article/pii/S1090780710001588",
author = "Lalitha Venkataramanan and Fred K. Gruber and Tarek M. Habashy and Denise E. Freed",
keywords = "Inverse Laplace transform, Moment estimation, Analysis of CPMG data, Analysis of sum of exponentials, Fractional calculus, Mellin Transform"
}

@article{Hurlimann2000SpinDynamics,
title = "{S}pin {D}ynamics of {C}arr-{P}urcell-{M}eiboom-{G}ill-like {S}equences in {G}rossly {I}nhomogeneous {B}0 and {B}1 Fields and Application to {NMR} Well Logging",
journal = "Journal of Magnetic Resonance",
volume = "143",
number = "1",
pages = "120 - 135",
year = "2000",
issn = "1090-7807",
doi = "https://doi.org/10.1006/jmre.1999.1967",
url = "http://www.sciencedirect.com/science/article/pii/S1090780799919675",
author = "M.D H{\"u}rlimann and D.D Griffin"
}

@article{venkataramanan2015newPorosity,
  title={New method to estimate porosity more accurately from {NMR} data with short relaxation times},
  author={Venkataramanan, Lalitha and Gruber, Fred K and LaVigne, Jack and Habashy, Tarek M and Iglesias, Jorge G and Cohorn, Patrick and Anand, Vivek and Rampurawala, Mansoor A and Jain, Vikas and Heaton, Nick and others},
  journal={Petrophysics},
  volume={56},
  number={02},
  pages={147--157},
  year={2015},
  publisher={Society of Petrophysicists and Well-Log Analysts}
}



@incollection{wellLoggingBook,
  author      = "Martin D. H{\"u}rlimann AND Nicholas J. Heaton",
  title       = "{NMR} {W}ell {L}ogging",
  editor      = "Edited by Michael L. Johns, Einar O. Fridjonsson, Sarah J. Vogt, and Agnes Haber",
  booktitle   = "Mobile NMR and MRI: Developments and Applications",
  publisher   = "The Royal Society of Chemistry",
  year        = 2016,
  pages       = "11-79",
  chapter     = 2
}

@article{NMRFOODCapitani2017,
author="Capitani, Donatella and Sobolev, Anatoly P. and Di Tullio, Valeria and Mannina, Luisa and Proietti, Noemi",
title="Portable {NMR} in food analysis",
journal="Chemical and Biological Technologies in Agriculture",
year=2017,
month="Jul",
day="17",
volume="4",
number="1",
pages = "17",                                                                            
issn="2196-5641",
doi="10.1186/s40538-017-0100-1",
url="https://doi.org/10.1186/s40538-017-0100-1"
}

@incollection{NMRSignalProcessingBook,
  author      = "Zhi-Pei Liang and Paul c. Lauterbur",
  title       = "{S}ignal {G}eneration and {D}etection",
  editor      = "Metin Akay",
  booktitle   = "{P}rinciples of {M}agnetic {R}esonance {I}maging: {A} {S}ignal {P}rocessing {P}erspective",
  publisher   = "Institute of Electrical and Electronics Engineers, Inc",
  year        = 2000,
  pages       = "57-105",
  chapter     = 3
}

@article{porousMediaT2Relaxation,
title = "Utility of {NMR} {T}2 distributions, connection with capillary pressure, clay effect, and determination of the surface relaxivity parameter $\rho_2$",
journal = "Magnetic Resonance Imaging",
volume = "14",
number = "7",
pages = "761 - 767",
year = "1996",
note = "Proceedings of the Third International Meeting on Recent Advances in MR Applications to Porous Media",
issn = "0730-725X",
doi = "https://doi.org/10.1016/S0730-725X(96)00161-0",
url = "http://www.sciencedirect.com/science/article/pii/S0730725X96001610",
author = "R.L. Kleinberg",
keywords = " distributions, Clay effect, Surface relaxivity parameter"
}

@article{PorosityandT2Times,
author = {Kleinberg, Robert},
year = {2001},
month = {01},
pages = {404-406},
title = {{NMR} measurement of petrophysical properties},
volume = {13},
booktitle = {Concepts in {M}agnetic {R}esonance - CONCEPT MAGNETIC RESONANCE}
}

@inproceedings{BoundfluidFractionchen1998improving,
  title={Improving estimation of {NMR} log {T}2 cutoff value with core {NMR} and capillary pressure measurements},
  author={Chen, Songhua and Ostroff, Gary and Georgi, Daniel T},
  booktitle={SCA International Symposium, The Hague},
  pages={14--16},
  year={1998}
}

@article{IntrinsicSNREdelstein1986,
  title={The intrinsic signal-to-noise ratio in {NMR} imaging},
  author={Edelstein, {WA} and Glover, {GH} and Hardy, {CJ} and {R}edington, {RW}},
  journal={Magnetic resonance in medicine},
  volume={3},
  number={4},
  pages={604--618},
  year={1986},
  publisher={Wiley Online Library}
}

@article{BadTruthLaplaceEpstein2008,
  title={The bad truth about {L}aplace's transform},
  author={Epstein, Charles L and Schotland, John},
  journal={SIAM review},
  volume={50},
  number={3},
  pages={504--520},
  year={2008},
  publisher={SIAM}
}


  	
@article{NumericalInversionLaplaceTransform1978,
  author={J G McWhirter and E R Pike},
  title={On the numerical inversion of the {L}aplace transform and similar {F}redholm integral equations of the first kind},
  journal={Journal of Physics A: Mathematical and General},
  volume={11},
  number={9},
  pages={1729},
  url={http://stacks.iop.org/0305-4470/11/i=9/a=007},
  year={1978}
}


@inproceedings{NMRForRockskleinberg1993nuclear,
  title={Nuclear magnetic resonance of rocks: {T1} vs. {T2}},
  author={Kleinberg, RL and Straley, Christian and Kenyon, WE and Akkurt, Ridvan and Farooqui, SA},
  booktitle={{SPE} {A}nnual {T}echnical {C}onference and {E}xhibition},
  year={1993}
}

@article{UsingNMRPetrophysicalKenyon1992nuclear,
  title={Nuclear magnetic resonance as a petrophysical measurement},
  author={Kenyon, WE},
  journal={Nuclear Geophysics},
  volume={6},
  number={2},
  pages={153--171},
  year={1992}
}

@article{NumericalFredholm1971hanson1971numerical,
  title={A numerical method for solving {F}redholm integral equations of the first kind using singular values},
  author={Hanson, Richard J},
  journal={SIAM Journal on Numerical Analysis},
  volume={8},
  number={3},
  pages={616--622},
  year={1971},
  publisher={SIAM}
}

@article{RegularizationElden1977algorithms,
  title={Algorithms for the regularization of ill-conditioned least squares problems},
  author={Eld{\'e}n, Lars},
  journal={BIT Numerical Mathematics},
  volume={17},
  number={2},
  pages={134--145},
  year={1977},
  publisher={Springer}
}

@article{TSVDHansen1987truncatedsvd,
  title={The Truncated {SVD} as a method for regularization},
  author={Hansen, Per Christian},
  journal={BIT Numerical Mathematics},
  volume={27},
  number={4},
  pages={534--553},
  year={1987},
  publisher={Springer}
}

@inproceedings{TaperedAreaskleinberg1997tapered,
  title={Tapered cutoffs for magnetic resonance bound water volume},
  author={Kleinberg, RL and Boyd, A and others},
  booktitle={{SPE} {A}nnual {T}echnical {C}onference and {E}xhibition},
  year={1997},
  organization={Society of Petroleum Engineers}
}



@misc{paulTeal_NMRBayes, 
title={Bayeisan {NMR} {R}elaxometry}, 
howpublished = "\url{https://gitlab.ecs.vuw.ac.nz/project489-2018/dobbiedavi/engr489Project/blob/master/relevant_docs/pauls_work/notes/bayes3.pdf}",
journal={Gitlab ECS}, 
author={Teal, Paul D.}, 
year={2018}, 
month={Mar}} 


@book{dobbie_2018_venk2002, title={venk20021d.m},
url={https://gitlab.ecs.vuw.ac.nz/project489-2018/dobbiedavi/engr489Project/tree/master/venk2002},
journal={Gitlab ECS},
author={Dobbie, David W},
year={2018},
month={May}} 


@article{crossValidation,
title = "Cross-Validation Methods",
journal = "Journal of Mathematical Psychology",
volume = "44",
number = "1",
pages = "108 - 132",
year = "2000",
issn = "0022-2496",
doi = "https://doi.org/10.1006/jmps.1999.1279",
url = "http://www.sciencedirect.com/science/article/pii/S0022249699912798",
author = "Michael W Browne"
}